%YAML 1.1
%TAG !u! tag:unity3d.com,2011:
--- !u!1 &2208800697734333311
GameObject:
  m_ObjectHideFlags: 0
  m_CorrespondingSourceObject: {fileID: 0}
  m_PrefabInstance: {fileID: 0}
  m_PrefabAsset: {fileID: 0}
  serializedVersion: 6
  m_Component:
  - component: {fileID: 8786534956206344183}
  m_Layer: 0
  m_Name: higherBookWall
  m_TagString: Untagged
  m_Icon: {fileID: 0}
  m_NavMeshLayer: 0
  m_StaticEditorFlags: 0
  m_IsActive: 1
--- !u!4 &8786534956206344183
Transform:
  m_ObjectHideFlags: 0
  m_CorrespondingSourceObject: {fileID: 0}
  m_PrefabInstance: {fileID: 0}
  m_PrefabAsset: {fileID: 0}
  m_GameObject: {fileID: 2208800697734333311}
  m_LocalRotation: {x: -0, y: -0.6270687, z: -0, w: 0.778964}
  m_LocalPosition: {x: -17.295, y: 6.78, z: 16.665}
  m_LocalScale: {x: 1, y: 1, z: 1}
  m_Children:
  - {fileID: 2384797001185162673}
  - {fileID: 2384797000535713981}
  - {fileID: 5592813020450200374}
  - {fileID: 2384797001079425709}
  - {fileID: 2384797000546857570}
  - {fileID: 2384797001159953599}
  - {fileID: 823595003056410937}
  - {fileID: 3575594153431859748}
  - {fileID: 7854955318507219318}
  - {fileID: 7430738515173302704}
  - {fileID: 3534245302804156340}
  - {fileID: 3707136072843291448}
  - {fileID: 2543691058314131938}
  - {fileID: 9067561171219354084}
  - {fileID: 4631921692865741990}
  - {fileID: 3746960111938830302}
  - {fileID: 1428758787152227679}
  - {fileID: 5597217676728990427}
  - {fileID: 5362982895461079901}
  - {fileID: 3979493199382495430}
  m_Father: {fileID: 0}
  m_RootOrder: 0
  m_LocalEulerAnglesHint: {x: 0, y: 0, z: 0}
--- !u!1001 &823595003056016313
PrefabInstance:
  m_ObjectHideFlags: 0
  serializedVersion: 2
  m_Modification:
    m_TransformParent: {fileID: 8786534956206344183}
    m_Modifications:
    - target: {fileID: 100000, guid: 3ada612e959f2a7439157dbcea5f8795, type: 3}
      propertyPath: m_Name
      value: book03 (2)
      objectReference: {fileID: 0}
    - target: {fileID: 400000, guid: 3ada612e959f2a7439157dbcea5f8795, type: 3}
      propertyPath: m_LocalPosition.x
      value: -1.2369266
      objectReference: {fileID: 0}
    - target: {fileID: 400000, guid: 3ada612e959f2a7439157dbcea5f8795, type: 3}
      propertyPath: m_LocalPosition.y
      value: 0.006123066
      objectReference: {fileID: 0}
    - target: {fileID: 400000, guid: 3ada612e959f2a7439157dbcea5f8795, type: 3}
      propertyPath: m_LocalPosition.z
      value: 1.7389507
      objectReference: {fileID: 0}
    - target: {fileID: 400000, guid: 3ada612e959f2a7439157dbcea5f8795, type: 3}
      propertyPath: m_LocalRotation.x
      value: -0
      objectReference: {fileID: 0}
    - target: {fileID: 400000, guid: 3ada612e959f2a7439157dbcea5f8795, type: 3}
      propertyPath: m_LocalRotation.y
      value: 0.44569582
      objectReference: {fileID: 0}
    - target: {fileID: 400000, guid: 3ada612e959f2a7439157dbcea5f8795, type: 3}
      propertyPath: m_LocalRotation.z
      value: -0
      objectReference: {fileID: 0}
    - target: {fileID: 400000, guid: 3ada612e959f2a7439157dbcea5f8795, type: 3}
      propertyPath: m_LocalRotation.w
      value: -0.8951845
      objectReference: {fileID: 0}
    - target: {fileID: 400000, guid: 3ada612e959f2a7439157dbcea5f8795, type: 3}
      propertyPath: m_RootOrder
      value: 6
      objectReference: {fileID: 0}
    - target: {fileID: 400000, guid: 3ada612e959f2a7439157dbcea5f8795, type: 3}
      propertyPath: m_LocalEulerAnglesHint.x
      value: 0
      objectReference: {fileID: 0}
    - target: {fileID: 400000, guid: 3ada612e959f2a7439157dbcea5f8795, type: 3}
      propertyPath: m_LocalEulerAnglesHint.y
      value: 229.396
      objectReference: {fileID: 0}
    - target: {fileID: 400000, guid: 3ada612e959f2a7439157dbcea5f8795, type: 3}
      propertyPath: m_LocalEulerAnglesHint.z
      value: 0
      objectReference: {fileID: 0}
    m_RemovedComponents: []
  m_SourcePrefab: {fileID: 100100000, guid: 3ada612e959f2a7439157dbcea5f8795, type: 3}
--- !u!4 &823595003056410937 stripped
Transform:
  m_CorrespondingSourceObject: {fileID: 400000, guid: 3ada612e959f2a7439157dbcea5f8795,
    type: 3}
  m_PrefabInstance: {fileID: 823595003056016313}
  m_PrefabAsset: {fileID: 0}
--- !u!1001 &1428758787152099295
PrefabInstance:
  m_ObjectHideFlags: 0
  serializedVersion: 2
  m_Modification:
    m_TransformParent: {fileID: 8786534956206344183}
    m_Modifications:
    - target: {fileID: 400000, guid: 7bb748d26e62076499846e32a1d95c8f, type: 3}
      propertyPath: m_LocalPosition.x
      value: -0.58
      objectReference: {fileID: 0}
    - target: {fileID: 400000, guid: 7bb748d26e62076499846e32a1d95c8f, type: 3}
      propertyPath: m_LocalPosition.y
      value: 3.023
      objectReference: {fileID: 0}
    - target: {fileID: 400000, guid: 7bb748d26e62076499846e32a1d95c8f, type: 3}
      propertyPath: m_LocalPosition.z
      value: 2.64
      objectReference: {fileID: 0}
    - target: {fileID: 400000, guid: 7bb748d26e62076499846e32a1d95c8f, type: 3}
      propertyPath: m_LocalRotation.x
      value: -0
      objectReference: {fileID: 0}
    - target: {fileID: 400000, guid: 7bb748d26e62076499846e32a1d95c8f, type: 3}
      propertyPath: m_LocalRotation.y
      value: -0
      objectReference: {fileID: 0}
    - target: {fileID: 400000, guid: 7bb748d26e62076499846e32a1d95c8f, type: 3}
      propertyPath: m_LocalRotation.z
      value: -0
      objectReference: {fileID: 0}
    - target: {fileID: 400000, guid: 7bb748d26e62076499846e32a1d95c8f, type: 3}
      propertyPath: m_LocalRotation.w
      value: 1
      objectReference: {fileID: 0}
    - target: {fileID: 400000, guid: 7bb748d26e62076499846e32a1d95c8f, type: 3}
      propertyPath: m_RootOrder
      value: 16
      objectReference: {fileID: 0}
    - target: {fileID: 400000, guid: 7bb748d26e62076499846e32a1d95c8f, type: 3}
      propertyPath: m_LocalEulerAnglesHint.x
      value: 0
      objectReference: {fileID: 0}
    - target: {fileID: 400000, guid: 7bb748d26e62076499846e32a1d95c8f, type: 3}
      propertyPath: m_LocalEulerAnglesHint.y
      value: -77.66801
      objectReference: {fileID: 0}
    - target: {fileID: 400000, guid: 7bb748d26e62076499846e32a1d95c8f, type: 3}
      propertyPath: m_LocalEulerAnglesHint.z
      value: 0
      objectReference: {fileID: 0}
    - target: {fileID: 100000, guid: 7bb748d26e62076499846e32a1d95c8f, type: 3}
      propertyPath: m_Name
      value: book01 (15)
      objectReference: {fileID: 0}
    m_RemovedComponents: []
  m_SourcePrefab: {fileID: 100100000, guid: 7bb748d26e62076499846e32a1d95c8f, type: 3}
--- !u!4 &1428758787152227679 stripped
Transform:
  m_CorrespondingSourceObject: {fileID: 400000, guid: 7bb748d26e62076499846e32a1d95c8f,
    type: 3}
  m_PrefabInstance: {fileID: 1428758787152099295}
  m_PrefabAsset: {fileID: 0}
--- !u!1001 &2384797000536109629
PrefabInstance:
  m_ObjectHideFlags: 0
  serializedVersion: 2
  m_Modification:
    m_TransformParent: {fileID: 8786534956206344183}
    m_Modifications:
    - target: {fileID: 400000, guid: 7bb748d26e62076499846e32a1d95c8f, type: 3}
      propertyPath: m_LocalPosition.x
      value: -0.64169556
      objectReference: {fileID: 0}
    - target: {fileID: 400000, guid: 7bb748d26e62076499846e32a1d95c8f, type: 3}
      propertyPath: m_LocalPosition.y
      value: 0.06312299
      objectReference: {fileID: 0}
    - target: {fileID: 400000, guid: 7bb748d26e62076499846e32a1d95c8f, type: 3}
      propertyPath: m_LocalPosition.z
      value: 3.337968
      objectReference: {fileID: 0}
    - target: {fileID: 400000, guid: 7bb748d26e62076499846e32a1d95c8f, type: 3}
      propertyPath: m_LocalRotation.x
      value: -0
      objectReference: {fileID: 0}
    - target: {fileID: 400000, guid: 7bb748d26e62076499846e32a1d95c8f, type: 3}
      propertyPath: m_LocalRotation.y
      value: 0.54831517
      objectReference: {fileID: 0}
    - target: {fileID: 400000, guid: 7bb748d26e62076499846e32a1d95c8f, type: 3}
      propertyPath: m_LocalRotation.z
      value: -0
      objectReference: {fileID: 0}
    - target: {fileID: 400000, guid: 7bb748d26e62076499846e32a1d95c8f, type: 3}
      propertyPath: m_LocalRotation.w
      value: 0.8362718
      objectReference: {fileID: 0}
    - target: {fileID: 400000, guid: 7bb748d26e62076499846e32a1d95c8f, type: 3}
      propertyPath: m_RootOrder
      value: 1
      objectReference: {fileID: 0}
    - target: {fileID: 400000, guid: 7bb748d26e62076499846e32a1d95c8f, type: 3}
      propertyPath: m_LocalEulerAnglesHint.x
      value: 0
      objectReference: {fileID: 0}
    - target: {fileID: 400000, guid: 7bb748d26e62076499846e32a1d95c8f, type: 3}
      propertyPath: m_LocalEulerAnglesHint.y
      value: -11.165001
      objectReference: {fileID: 0}
    - target: {fileID: 400000, guid: 7bb748d26e62076499846e32a1d95c8f, type: 3}
      propertyPath: m_LocalEulerAnglesHint.z
      value: 0
      objectReference: {fileID: 0}
    - target: {fileID: 400000, guid: 7bb748d26e62076499846e32a1d95c8f, type: 3}
      propertyPath: m_LocalScale.x
      value: 1.5098001
      objectReference: {fileID: 0}
    - target: {fileID: 400000, guid: 7bb748d26e62076499846e32a1d95c8f, type: 3}
      propertyPath: m_LocalScale.y
      value: 1.5098
      objectReference: {fileID: 0}
    - target: {fileID: 400000, guid: 7bb748d26e62076499846e32a1d95c8f, type: 3}
      propertyPath: m_LocalScale.z
      value: 1.5098001
      objectReference: {fileID: 0}
    - target: {fileID: 100000, guid: 7bb748d26e62076499846e32a1d95c8f, type: 3}
      propertyPath: m_Name
      value: book01 (6)
      objectReference: {fileID: 0}
    m_RemovedComponents: []
  m_SourcePrefab: {fileID: 100100000, guid: 7bb748d26e62076499846e32a1d95c8f, type: 3}
--- !u!4 &2384797000535713981 stripped
Transform:
  m_CorrespondingSourceObject: {fileID: 400000, guid: 7bb748d26e62076499846e32a1d95c8f,
    type: 3}
  m_PrefabInstance: {fileID: 2384797000536109629}
  m_PrefabAsset: {fileID: 0}
--- !u!1001 &2384797000546986210
PrefabInstance:
  m_ObjectHideFlags: 0
  serializedVersion: 2
  m_Modification:
    m_TransformParent: {fileID: 8786534956206344183}
    m_Modifications:
    - target: {fileID: 400000, guid: 7bb748d26e62076499846e32a1d95c8f, type: 3}
      propertyPath: m_LocalPosition.x
      value: -0.49507058
      objectReference: {fileID: 0}
    - target: {fileID: 400000, guid: 7bb748d26e62076499846e32a1d95c8f, type: 3}
      propertyPath: m_LocalPosition.y
      value: 0
      objectReference: {fileID: 0}
    - target: {fileID: 400000, guid: 7bb748d26e62076499846e32a1d95c8f, type: 3}
      propertyPath: m_LocalPosition.z
      value: 1.9134151
      objectReference: {fileID: 0}
    - target: {fileID: 400000, guid: 7bb748d26e62076499846e32a1d95c8f, type: 3}
      propertyPath: m_LocalRotation.x
      value: -0
      objectReference: {fileID: 0}
    - target: {fileID: 400000, guid: 7bb748d26e62076499846e32a1d95c8f, type: 3}
      propertyPath: m_LocalRotation.y
      value: 0.6270687
      objectReference: {fileID: 0}
    - target: {fileID: 400000, guid: 7bb748d26e62076499846e32a1d95c8f, type: 3}
      propertyPath: m_LocalRotation.z
      value: -0
      objectReference: {fileID: 0}
    - target: {fileID: 400000, guid: 7bb748d26e62076499846e32a1d95c8f, type: 3}
      propertyPath: m_LocalRotation.w
      value: 0.778964
      objectReference: {fileID: 0}
    - target: {fileID: 400000, guid: 7bb748d26e62076499846e32a1d95c8f, type: 3}
      propertyPath: m_RootOrder
      value: 4
      objectReference: {fileID: 0}
    - target: {fileID: 400000, guid: 7bb748d26e62076499846e32a1d95c8f, type: 3}
      propertyPath: m_LocalEulerAnglesHint.x
      value: 0
      objectReference: {fileID: 0}
    - target: {fileID: 400000, guid: 7bb748d26e62076499846e32a1d95c8f, type: 3}
      propertyPath: m_LocalEulerAnglesHint.y
      value: 0
      objectReference: {fileID: 0}
    - target: {fileID: 400000, guid: 7bb748d26e62076499846e32a1d95c8f, type: 3}
      propertyPath: m_LocalEulerAnglesHint.z
      value: 0
      objectReference: {fileID: 0}
    - target: {fileID: 100000, guid: 7bb748d26e62076499846e32a1d95c8f, type: 3}
      propertyPath: m_Name
      value: book01
      objectReference: {fileID: 0}
    m_RemovedComponents: []
  m_SourcePrefab: {fileID: 100100000, guid: 7bb748d26e62076499846e32a1d95c8f, type: 3}
--- !u!4 &2384797000546857570 stripped
Transform:
  m_CorrespondingSourceObject: {fileID: 400000, guid: 7bb748d26e62076499846e32a1d95c8f,
    type: 3}
  m_PrefabInstance: {fileID: 2384797000546986210}
  m_PrefabAsset: {fileID: 0}
--- !u!1001 &2384797001079820333
PrefabInstance:
  m_ObjectHideFlags: 0
  serializedVersion: 2
  m_Modification:
    m_TransformParent: {fileID: 8786534956206344183}
    m_Modifications:
    - target: {fileID: 100000, guid: 3ada612e959f2a7439157dbcea5f8795, type: 3}
      propertyPath: m_Name
      value: book03
      objectReference: {fileID: 0}
    - target: {fileID: 400000, guid: 3ada612e959f2a7439157dbcea5f8795, type: 3}
      propertyPath: m_LocalPosition.x
      value: -0.25834697
      objectReference: {fileID: 0}
    - target: {fileID: 400000, guid: 3ada612e959f2a7439157dbcea5f8795, type: 3}
      propertyPath: m_LocalPosition.y
      value: 0.964123
      objectReference: {fileID: 0}
    - target: {fileID: 400000, guid: 3ada612e959f2a7439157dbcea5f8795, type: 3}
      propertyPath: m_LocalPosition.z
      value: 2.2118568
      objectReference: {fileID: 0}
    - target: {fileID: 400000, guid: 3ada612e959f2a7439157dbcea5f8795, type: 3}
      propertyPath: m_LocalRotation.x
      value: -0
      objectReference: {fileID: 0}
    - target: {fileID: 400000, guid: 3ada612e959f2a7439157dbcea5f8795, type: 3}
      propertyPath: m_LocalRotation.y
      value: 0.98981214
      objectReference: {fileID: 0}
    - target: {fileID: 400000, guid: 3ada612e959f2a7439157dbcea5f8795, type: 3}
      propertyPath: m_LocalRotation.z
      value: -0
      objectReference: {fileID: 0}
    - target: {fileID: 400000, guid: 3ada612e959f2a7439157dbcea5f8795, type: 3}
      propertyPath: m_LocalRotation.w
      value: 0.14237982
      objectReference: {fileID: 0}
    - target: {fileID: 400000, guid: 3ada612e959f2a7439157dbcea5f8795, type: 3}
      propertyPath: m_RootOrder
      value: 3
      objectReference: {fileID: 0}
    - target: {fileID: 400000, guid: 3ada612e959f2a7439157dbcea5f8795, type: 3}
      propertyPath: m_LocalEulerAnglesHint.x
      value: 0
      objectReference: {fileID: 0}
    - target: {fileID: 400000, guid: 3ada612e959f2a7439157dbcea5f8795, type: 3}
      propertyPath: m_LocalEulerAnglesHint.y
      value: 85.96001
      objectReference: {fileID: 0}
    - target: {fileID: 400000, guid: 3ada612e959f2a7439157dbcea5f8795, type: 3}
      propertyPath: m_LocalEulerAnglesHint.z
      value: 0
      objectReference: {fileID: 0}
    m_RemovedComponents: []
  m_SourcePrefab: {fileID: 100100000, guid: 3ada612e959f2a7439157dbcea5f8795, type: 3}
--- !u!4 &2384797001079425709 stripped
Transform:
  m_CorrespondingSourceObject: {fileID: 400000, guid: 3ada612e959f2a7439157dbcea5f8795,
    type: 3}
  m_PrefabInstance: {fileID: 2384797001079820333}
  m_PrefabAsset: {fileID: 0}
--- !u!1001 &2384797001159562815
PrefabInstance:
  m_ObjectHideFlags: 0
  serializedVersion: 2
  m_Modification:
    m_TransformParent: {fileID: 8786534956206344183}
    m_Modifications:
    - target: {fileID: 400000, guid: 7bb748d26e62076499846e32a1d95c8f, type: 3}
      propertyPath: m_LocalPosition.x
      value: -0.2511653
      objectReference: {fileID: 0}
    - target: {fileID: 400000, guid: 7bb748d26e62076499846e32a1d95c8f, type: 3}
      propertyPath: m_LocalPosition.y
      value: 0
      objectReference: {fileID: 0}
    - target: {fileID: 400000, guid: 7bb748d26e62076499846e32a1d95c8f, type: 3}
      propertyPath: m_LocalPosition.z
      value: 0.86327577
      objectReference: {fileID: 0}
    - target: {fileID: 400000, guid: 7bb748d26e62076499846e32a1d95c8f, type: 3}
      propertyPath: m_LocalRotation.x
      value: -0
      objectReference: {fileID: 0}
    - target: {fileID: 400000, guid: 7bb748d26e62076499846e32a1d95c8f, type: 3}
      propertyPath: m_LocalRotation.y
      value: 0.7065344
      objectReference: {fileID: 0}
    - target: {fileID: 400000, guid: 7bb748d26e62076499846e32a1d95c8f, type: 3}
      propertyPath: m_LocalRotation.z
      value: -0
      objectReference: {fileID: 0}
    - target: {fileID: 400000, guid: 7bb748d26e62076499846e32a1d95c8f, type: 3}
      propertyPath: m_LocalRotation.w
      value: 0.7076788
      objectReference: {fileID: 0}
    - target: {fileID: 400000, guid: 7bb748d26e62076499846e32a1d95c8f, type: 3}
      propertyPath: m_RootOrder
      value: 5
      objectReference: {fileID: 0}
    - target: {fileID: 400000, guid: 7bb748d26e62076499846e32a1d95c8f, type: 3}
      propertyPath: m_LocalEulerAnglesHint.x
      value: 0
      objectReference: {fileID: 0}
    - target: {fileID: 400000, guid: 7bb748d26e62076499846e32a1d95c8f, type: 3}
      propertyPath: m_LocalEulerAnglesHint.y
      value: 12.239
      objectReference: {fileID: 0}
    - target: {fileID: 400000, guid: 7bb748d26e62076499846e32a1d95c8f, type: 3}
      propertyPath: m_LocalEulerAnglesHint.z
      value: 0
      objectReference: {fileID: 0}
    - target: {fileID: 100000, guid: 7bb748d26e62076499846e32a1d95c8f, type: 3}
      propertyPath: m_Name
      value: book01 (1)
      objectReference: {fileID: 0}
    m_RemovedComponents: []
  m_SourcePrefab: {fileID: 100100000, guid: 7bb748d26e62076499846e32a1d95c8f, type: 3}
--- !u!4 &2384797001159953599 stripped
Transform:
  m_CorrespondingSourceObject: {fileID: 400000, guid: 7bb748d26e62076499846e32a1d95c8f,
    type: 3}
  m_PrefabInstance: {fileID: 2384797001159562815}
  m_PrefabAsset: {fileID: 0}
--- !u!1001 &2384797001184767793
PrefabInstance:
  m_ObjectHideFlags: 0
  serializedVersion: 2
  m_Modification:
    m_TransformParent: {fileID: 8786534956206344183}
    m_Modifications:
    - target: {fileID: 400000, guid: 7bb748d26e62076499846e32a1d95c8f, type: 3}
      propertyPath: m_LocalPosition.x
      value: 0
      objectReference: {fileID: 0}
    - target: {fileID: 400000, guid: 7bb748d26e62076499846e32a1d95c8f, type: 3}
      propertyPath: m_LocalPosition.y
      value: 0
      objectReference: {fileID: 0}
    - target: {fileID: 400000, guid: 7bb748d26e62076499846e32a1d95c8f, type: 3}
      propertyPath: m_LocalPosition.z
      value: 0
      objectReference: {fileID: 0}
    - target: {fileID: 400000, guid: 7bb748d26e62076499846e32a1d95c8f, type: 3}
      propertyPath: m_LocalRotation.x
      value: -0
      objectReference: {fileID: 0}
    - target: {fileID: 400000, guid: 7bb748d26e62076499846e32a1d95c8f, type: 3}
      propertyPath: m_LocalRotation.y
      value: -0
      objectReference: {fileID: 0}
    - target: {fileID: 400000, guid: 7bb748d26e62076499846e32a1d95c8f, type: 3}
      propertyPath: m_LocalRotation.z
      value: -0
      objectReference: {fileID: 0}
    - target: {fileID: 400000, guid: 7bb748d26e62076499846e32a1d95c8f, type: 3}
      propertyPath: m_LocalRotation.w
      value: 1
      objectReference: {fileID: 0}
    - target: {fileID: 400000, guid: 7bb748d26e62076499846e32a1d95c8f, type: 3}
      propertyPath: m_RootOrder
      value: 0
      objectReference: {fileID: 0}
    - target: {fileID: 400000, guid: 7bb748d26e62076499846e32a1d95c8f, type: 3}
      propertyPath: m_LocalEulerAnglesHint.x
      value: 0
      objectReference: {fileID: 0}
    - target: {fileID: 400000, guid: 7bb748d26e62076499846e32a1d95c8f, type: 3}
      propertyPath: m_LocalEulerAnglesHint.y
      value: -77.66801
      objectReference: {fileID: 0}
    - target: {fileID: 400000, guid: 7bb748d26e62076499846e32a1d95c8f, type: 3}
      propertyPath: m_LocalEulerAnglesHint.z
      value: 0
      objectReference: {fileID: 0}
    - target: {fileID: 100000, guid: 7bb748d26e62076499846e32a1d95c8f, type: 3}
      propertyPath: m_Name
      value: book01 (2)
      objectReference: {fileID: 0}
    m_RemovedComponents: []
  m_SourcePrefab: {fileID: 100100000, guid: 7bb748d26e62076499846e32a1d95c8f, type: 3}
--- !u!4 &2384797001185162673 stripped
Transform:
  m_CorrespondingSourceObject: {fileID: 400000, guid: 7bb748d26e62076499846e32a1d95c8f,
    type: 3}
  m_PrefabInstance: {fileID: 2384797001184767793}
  m_PrefabAsset: {fileID: 0}
--- !u!1001 &2543691058313732962
PrefabInstance:
  m_ObjectHideFlags: 0
  serializedVersion: 2
  m_Modification:
    m_TransformParent: {fileID: 8786534956206344183}
    m_Modifications:
    - target: {fileID: 400000, guid: 7bb748d26e62076499846e32a1d95c8f, type: 3}
      propertyPath: m_LocalPosition.x
      value: -0.2511653
      objectReference: {fileID: 0}
    - target: {fileID: 400000, guid: 7bb748d26e62076499846e32a1d95c8f, type: 3}
      propertyPath: m_LocalPosition.y
      value: 1.02
      objectReference: {fileID: 0}
    - target: {fileID: 400000, guid: 7bb748d26e62076499846e32a1d95c8f, type: 3}
      propertyPath: m_LocalPosition.z
      value: 0.86327577
      objectReference: {fileID: 0}
    - target: {fileID: 400000, guid: 7bb748d26e62076499846e32a1d95c8f, type: 3}
      propertyPath: m_LocalRotation.x
      value: -0
      objectReference: {fileID: 0}
    - target: {fileID: 400000, guid: 7bb748d26e62076499846e32a1d95c8f, type: 3}
      propertyPath: m_LocalRotation.y
      value: 0.7065343
      objectReference: {fileID: 0}
    - target: {fileID: 400000, guid: 7bb748d26e62076499846e32a1d95c8f, type: 3}
      propertyPath: m_LocalRotation.z
      value: -0
      objectReference: {fileID: 0}
    - target: {fileID: 400000, guid: 7bb748d26e62076499846e32a1d95c8f, type: 3}
      propertyPath: m_LocalRotation.w
      value: 0.7076788
      objectReference: {fileID: 0}
    - target: {fileID: 400000, guid: 7bb748d26e62076499846e32a1d95c8f, type: 3}
      propertyPath: m_RootOrder
      value: 12
      objectReference: {fileID: 0}
    - target: {fileID: 400000, guid: 7bb748d26e62076499846e32a1d95c8f, type: 3}
      propertyPath: m_LocalEulerAnglesHint.x
      value: 0
      objectReference: {fileID: 0}
    - target: {fileID: 400000, guid: 7bb748d26e62076499846e32a1d95c8f, type: 3}
      propertyPath: m_LocalEulerAnglesHint.y
      value: 12.239
      objectReference: {fileID: 0}
    - target: {fileID: 400000, guid: 7bb748d26e62076499846e32a1d95c8f, type: 3}
      propertyPath: m_LocalEulerAnglesHint.z
      value: 0
      objectReference: {fileID: 0}
    - target: {fileID: 100000, guid: 7bb748d26e62076499846e32a1d95c8f, type: 3}
      propertyPath: m_Name
      value: book01 (12)
      objectReference: {fileID: 0}
    m_RemovedComponents: []
  m_SourcePrefab: {fileID: 100100000, guid: 7bb748d26e62076499846e32a1d95c8f, type: 3}
--- !u!4 &2543691058314131938 stripped
Transform:
  m_CorrespondingSourceObject: {fileID: 400000, guid: 7bb748d26e62076499846e32a1d95c8f,
    type: 3}
  m_PrefabInstance: {fileID: 2543691058313732962}
  m_PrefabAsset: {fileID: 0}
--- !u!1001 &3534245302804026676
PrefabInstance:
  m_ObjectHideFlags: 0
  serializedVersion: 2
  m_Modification:
    m_TransformParent: {fileID: 8786534956206344183}
    m_Modifications:
    - target: {fileID: 100000, guid: 3ada612e959f2a7439157dbcea5f8795, type: 3}
      propertyPath: m_Name
      value: book03 (3)
      objectReference: {fileID: 0}
    - target: {fileID: 400000, guid: 3ada612e959f2a7439157dbcea5f8795, type: 3}
      propertyPath: m_LocalPosition.x
      value: -0.16
      objectReference: {fileID: 0}
    - target: {fileID: 400000, guid: 3ada612e959f2a7439157dbcea5f8795, type: 3}
      propertyPath: m_LocalPosition.y
      value: 2.48
      objectReference: {fileID: 0}
    - target: {fileID: 400000, guid: 3ada612e959f2a7439157dbcea5f8795, type: 3}
      propertyPath: m_LocalPosition.z
      value: 0.98
      objectReference: {fileID: 0}
    - target: {fileID: 400000, guid: 3ada612e959f2a7439157dbcea5f8795, type: 3}
      propertyPath: m_LocalRotation.x
      value: -0
      objectReference: {fileID: 0}
    - target: {fileID: 400000, guid: 3ada612e959f2a7439157dbcea5f8795, type: 3}
      propertyPath: m_LocalRotation.y
      value: 0.98981214
      objectReference: {fileID: 0}
    - target: {fileID: 400000, guid: 3ada612e959f2a7439157dbcea5f8795, type: 3}
      propertyPath: m_LocalRotation.z
      value: -0
      objectReference: {fileID: 0}
    - target: {fileID: 400000, guid: 3ada612e959f2a7439157dbcea5f8795, type: 3}
      propertyPath: m_LocalRotation.w
      value: 0.14237982
      objectReference: {fileID: 0}
    - target: {fileID: 400000, guid: 3ada612e959f2a7439157dbcea5f8795, type: 3}
      propertyPath: m_RootOrder
      value: 10
      objectReference: {fileID: 0}
    - target: {fileID: 400000, guid: 3ada612e959f2a7439157dbcea5f8795, type: 3}
      propertyPath: m_LocalEulerAnglesHint.x
      value: 0
      objectReference: {fileID: 0}
    - target: {fileID: 400000, guid: 3ada612e959f2a7439157dbcea5f8795, type: 3}
      propertyPath: m_LocalEulerAnglesHint.y
      value: 85.96001
      objectReference: {fileID: 0}
    - target: {fileID: 400000, guid: 3ada612e959f2a7439157dbcea5f8795, type: 3}
      propertyPath: m_LocalEulerAnglesHint.z
      value: 0
      objectReference: {fileID: 0}
    m_RemovedComponents: []
  m_SourcePrefab: {fileID: 100100000, guid: 3ada612e959f2a7439157dbcea5f8795, type: 3}
--- !u!4 &3534245302804156340 stripped
Transform:
  m_CorrespondingSourceObject: {fileID: 400000, guid: 3ada612e959f2a7439157dbcea5f8795,
    type: 3}
  m_PrefabInstance: {fileID: 3534245302804026676}
  m_PrefabAsset: {fileID: 0}
--- !u!1001 &3575594153431734436
PrefabInstance:
  m_ObjectHideFlags: 0
  serializedVersion: 2
  m_Modification:
    m_TransformParent: {fileID: 8786534956206344183}
    m_Modifications:
    - target: {fileID: 400000, guid: 7bb748d26e62076499846e32a1d95c8f, type: 3}
      propertyPath: m_LocalPosition.x
      value: 0
      objectReference: {fileID: 0}
    - target: {fileID: 400000, guid: 7bb748d26e62076499846e32a1d95c8f, type: 3}
      propertyPath: m_LocalPosition.y
      value: 1.02
      objectReference: {fileID: 0}
    - target: {fileID: 400000, guid: 7bb748d26e62076499846e32a1d95c8f, type: 3}
      propertyPath: m_LocalPosition.z
      value: 0
      objectReference: {fileID: 0}
    - target: {fileID: 400000, guid: 7bb748d26e62076499846e32a1d95c8f, type: 3}
      propertyPath: m_LocalRotation.x
      value: -0
      objectReference: {fileID: 0}
    - target: {fileID: 400000, guid: 7bb748d26e62076499846e32a1d95c8f, type: 3}
      propertyPath: m_LocalRotation.y
      value: -0
      objectReference: {fileID: 0}
    - target: {fileID: 400000, guid: 7bb748d26e62076499846e32a1d95c8f, type: 3}
      propertyPath: m_LocalRotation.z
      value: -0
      objectReference: {fileID: 0}
    - target: {fileID: 400000, guid: 7bb748d26e62076499846e32a1d95c8f, type: 3}
      propertyPath: m_LocalRotation.w
      value: 1
      objectReference: {fileID: 0}
    - target: {fileID: 400000, guid: 7bb748d26e62076499846e32a1d95c8f, type: 3}
      propertyPath: m_RootOrder
      value: 7
      objectReference: {fileID: 0}
    - target: {fileID: 400000, guid: 7bb748d26e62076499846e32a1d95c8f, type: 3}
      propertyPath: m_LocalEulerAnglesHint.x
      value: 0
      objectReference: {fileID: 0}
    - target: {fileID: 400000, guid: 7bb748d26e62076499846e32a1d95c8f, type: 3}
      propertyPath: m_LocalEulerAnglesHint.y
      value: -77.66801
      objectReference: {fileID: 0}
    - target: {fileID: 400000, guid: 7bb748d26e62076499846e32a1d95c8f, type: 3}
      propertyPath: m_LocalEulerAnglesHint.z
      value: 0
      objectReference: {fileID: 0}
    - target: {fileID: 100000, guid: 7bb748d26e62076499846e32a1d95c8f, type: 3}
      propertyPath: m_Name
      value: book01 (9)
      objectReference: {fileID: 0}
    m_RemovedComponents: []
  m_SourcePrefab: {fileID: 100100000, guid: 7bb748d26e62076499846e32a1d95c8f, type: 3}
--- !u!4 &3575594153431859748 stripped
Transform:
  m_CorrespondingSourceObject: {fileID: 400000, guid: 7bb748d26e62076499846e32a1d95c8f,
    type: 3}
  m_PrefabInstance: {fileID: 3575594153431734436}
  m_PrefabAsset: {fileID: 0}
--- !u!1001 &3707136072843162040
PrefabInstance:
  m_ObjectHideFlags: 0
  serializedVersion: 2
  m_Modification:
    m_TransformParent: {fileID: 8786534956206344183}
    m_Modifications:
    - target: {fileID: 400000, guid: 7bb748d26e62076499846e32a1d95c8f, type: 3}
      propertyPath: m_LocalPosition.x
      value: -0.49507058
      objectReference: {fileID: 0}
    - target: {fileID: 400000, guid: 7bb748d26e62076499846e32a1d95c8f, type: 3}
      propertyPath: m_LocalPosition.y
      value: 1.32
      objectReference: {fileID: 0}
    - target: {fileID: 400000, guid: 7bb748d26e62076499846e32a1d95c8f, type: 3}
      propertyPath: m_LocalPosition.z
      value: 1.9134151
      objectReference: {fileID: 0}
    - target: {fileID: 400000, guid: 7bb748d26e62076499846e32a1d95c8f, type: 3}
      propertyPath: m_LocalRotation.x
      value: -0
      objectReference: {fileID: 0}
    - target: {fileID: 400000, guid: 7bb748d26e62076499846e32a1d95c8f, type: 3}
      propertyPath: m_LocalRotation.y
      value: 0.6270687
      objectReference: {fileID: 0}
    - target: {fileID: 400000, guid: 7bb748d26e62076499846e32a1d95c8f, type: 3}
      propertyPath: m_LocalRotation.z
      value: -0
      objectReference: {fileID: 0}
    - target: {fileID: 400000, guid: 7bb748d26e62076499846e32a1d95c8f, type: 3}
      propertyPath: m_LocalRotation.w
      value: 0.778964
      objectReference: {fileID: 0}
    - target: {fileID: 400000, guid: 7bb748d26e62076499846e32a1d95c8f, type: 3}
      propertyPath: m_RootOrder
      value: 11
      objectReference: {fileID: 0}
    - target: {fileID: 400000, guid: 7bb748d26e62076499846e32a1d95c8f, type: 3}
      propertyPath: m_LocalEulerAnglesHint.x
      value: 0
      objectReference: {fileID: 0}
    - target: {fileID: 400000, guid: 7bb748d26e62076499846e32a1d95c8f, type: 3}
      propertyPath: m_LocalEulerAnglesHint.y
      value: 0
      objectReference: {fileID: 0}
    - target: {fileID: 400000, guid: 7bb748d26e62076499846e32a1d95c8f, type: 3}
      propertyPath: m_LocalEulerAnglesHint.z
      value: 0
      objectReference: {fileID: 0}
    - target: {fileID: 100000, guid: 7bb748d26e62076499846e32a1d95c8f, type: 3}
      propertyPath: m_Name
      value: book01 (11)
      objectReference: {fileID: 0}
    m_RemovedComponents: []
  m_SourcePrefab: {fileID: 100100000, guid: 7bb748d26e62076499846e32a1d95c8f, type: 3}
--- !u!4 &3707136072843291448 stripped
Transform:
  m_CorrespondingSourceObject: {fileID: 400000, guid: 7bb748d26e62076499846e32a1d95c8f,
    type: 3}
  m_PrefabInstance: {fileID: 3707136072843162040}
  m_PrefabAsset: {fileID: 0}
--- !u!1001 &3746960111938954590
PrefabInstance:
  m_ObjectHideFlags: 0
  serializedVersion: 2
  m_Modification:
    m_TransformParent: {fileID: 8786534956206344183}
    m_Modifications:
    - target: {fileID: 400000, guid: 7bb748d26e62076499846e32a1d95c8f, type: 3}
      propertyPath: m_LocalPosition.x
      value: -0.84
      objectReference: {fileID: 0}
    - target: {fileID: 400000, guid: 7bb748d26e62076499846e32a1d95c8f, type: 3}
      propertyPath: m_LocalPosition.y
      value: 3.03
      objectReference: {fileID: 0}
    - target: {fileID: 400000, guid: 7bb748d26e62076499846e32a1d95c8f, type: 3}
      propertyPath: m_LocalPosition.z
      value: 3.54
      objectReference: {fileID: 0}
    - target: {fileID: 400000, guid: 7bb748d26e62076499846e32a1d95c8f, type: 3}
      propertyPath: m_LocalRotation.x
      value: -0
      objectReference: {fileID: 0}
    - target: {fileID: 400000, guid: 7bb748d26e62076499846e32a1d95c8f, type: 3}
      propertyPath: m_LocalRotation.y
      value: 0.7065343
      objectReference: {fileID: 0}
    - target: {fileID: 400000, guid: 7bb748d26e62076499846e32a1d95c8f, type: 3}
      propertyPath: m_LocalRotation.z
      value: -0
      objectReference: {fileID: 0}
    - target: {fileID: 400000, guid: 7bb748d26e62076499846e32a1d95c8f, type: 3}
      propertyPath: m_LocalRotation.w
      value: 0.7076788
      objectReference: {fileID: 0}
    - target: {fileID: 400000, guid: 7bb748d26e62076499846e32a1d95c8f, type: 3}
      propertyPath: m_RootOrder
      value: 15
      objectReference: {fileID: 0}
    - target: {fileID: 400000, guid: 7bb748d26e62076499846e32a1d95c8f, type: 3}
      propertyPath: m_LocalEulerAnglesHint.x
      value: 0
      objectReference: {fileID: 0}
    - target: {fileID: 400000, guid: 7bb748d26e62076499846e32a1d95c8f, type: 3}
      propertyPath: m_LocalEulerAnglesHint.y
      value: 12.239
      objectReference: {fileID: 0}
    - target: {fileID: 400000, guid: 7bb748d26e62076499846e32a1d95c8f, type: 3}
      propertyPath: m_LocalEulerAnglesHint.z
      value: 0
      objectReference: {fileID: 0}
    - target: {fileID: 100000, guid: 7bb748d26e62076499846e32a1d95c8f, type: 3}
      propertyPath: m_Name
      value: book01 (14)
      objectReference: {fileID: 0}
    m_RemovedComponents: []
  m_SourcePrefab: {fileID: 100100000, guid: 7bb748d26e62076499846e32a1d95c8f, type: 3}
--- !u!4 &3746960111938830302 stripped
Transform:
  m_CorrespondingSourceObject: {fileID: 400000, guid: 7bb748d26e62076499846e32a1d95c8f,
    type: 3}
  m_PrefabInstance: {fileID: 3746960111938954590}
  m_PrefabAsset: {fileID: 0}
--- !u!1001 &3979493199382108742
PrefabInstance:
  m_ObjectHideFlags: 0
  serializedVersion: 2
  m_Modification:
    m_TransformParent: {fileID: 8786534956206344183}
    m_Modifications:
    - target: {fileID: 400000, guid: 1059b784b1bd2814592b212a1b2ed805, type: 3}
      propertyPath: m_LocalPosition.x
      value: 0.13
      objectReference: {fileID: 0}
    - target: {fileID: 400000, guid: 1059b784b1bd2814592b212a1b2ed805, type: 3}
      propertyPath: m_LocalPosition.y
      value: 3.598
      objectReference: {fileID: 0}
    - target: {fileID: 400000, guid: 1059b784b1bd2814592b212a1b2ed805, type: 3}
      propertyPath: m_LocalPosition.z
      value: 1.79
      objectReference: {fileID: 0}
    - target: {fileID: 400000, guid: 1059b784b1bd2814592b212a1b2ed805, type: 3}
      propertyPath: m_LocalRotation.x
      value: -0
      objectReference: {fileID: 0}
    - target: {fileID: 400000, guid: 1059b784b1bd2814592b212a1b2ed805, type: 3}
      propertyPath: m_LocalRotation.y
      value: 0.98339534
      objectReference: {fileID: 0}
    - target: {fileID: 400000, guid: 1059b784b1bd2814592b212a1b2ed805, type: 3}
      propertyPath: m_LocalRotation.z
      value: -0
      objectReference: {fileID: 0}
    - target: {fileID: 400000, guid: 1059b784b1bd2814592b212a1b2ed805, type: 3}
      propertyPath: m_LocalRotation.w
      value: 0.18147641
      objectReference: {fileID: 0}
    - target: {fileID: 400000, guid: 1059b784b1bd2814592b212a1b2ed805, type: 3}
      propertyPath: m_RootOrder
      value: 19
      objectReference: {fileID: 0}
    - target: {fileID: 400000, guid: 1059b784b1bd2814592b212a1b2ed805, type: 3}
      propertyPath: m_LocalEulerAnglesHint.x
      value: 0
      objectReference: {fileID: 0}
    - target: {fileID: 400000, guid: 1059b784b1bd2814592b212a1b2ed805, type: 3}
      propertyPath: m_LocalEulerAnglesHint.y
      value: 159.08801
      objectReference: {fileID: 0}
    - target: {fileID: 400000, guid: 1059b784b1bd2814592b212a1b2ed805, type: 3}
      propertyPath: m_LocalEulerAnglesHint.z
      value: 0
      objectReference: {fileID: 0}
    - target: {fileID: 100000, guid: 1059b784b1bd2814592b212a1b2ed805, type: 3}
      propertyPath: m_Name
      value: book02 (4)
      objectReference: {fileID: 0}
    m_RemovedComponents: []
  m_SourcePrefab: {fileID: 100100000, guid: 1059b784b1bd2814592b212a1b2ed805, type: 3}
--- !u!4 &3979493199382495430 stripped
Transform:
  m_CorrespondingSourceObject: {fileID: 400000, guid: 1059b784b1bd2814592b212a1b2ed805,
    type: 3}
  m_PrefabInstance: {fileID: 3979493199382108742}
  m_PrefabAsset: {fileID: 0}
--- !u!1001 &4631921692866141734
PrefabInstance:
  m_ObjectHideFlags: 0
  serializedVersion: 2
  m_Modification:
    m_TransformParent: {fileID: 8786534956206344183}
    m_Modifications:
    - target: {fileID: 400000, guid: 7bb748d26e62076499846e32a1d95c8f, type: 3}
      propertyPath: m_LocalPosition.x
      value: -0.32
      objectReference: {fileID: 0}
    - target: {fileID: 400000, guid: 7bb748d26e62076499846e32a1d95c8f, type: 3}
      propertyPath: m_LocalPosition.y
      value: 2.13
      objectReference: {fileID: 0}
    - target: {fileID: 400000, guid: 7bb748d26e62076499846e32a1d95c8f, type: 3}
      propertyPath: m_LocalPosition.z
      value: 1.89
      objectReference: {fileID: 0}
    - target: {fileID: 400000, guid: 7bb748d26e62076499846e32a1d95c8f, type: 3}
      propertyPath: m_LocalRotation.x
      value: -0
      objectReference: {fileID: 0}
    - target: {fileID: 400000, guid: 7bb748d26e62076499846e32a1d95c8f, type: 3}
      propertyPath: m_LocalRotation.y
      value: -0.06810725
      objectReference: {fileID: 0}
    - target: {fileID: 400000, guid: 7bb748d26e62076499846e32a1d95c8f, type: 3}
      propertyPath: m_LocalRotation.z
      value: -0
      objectReference: {fileID: 0}
    - target: {fileID: 400000, guid: 7bb748d26e62076499846e32a1d95c8f, type: 3}
      propertyPath: m_LocalRotation.w
      value: 0.99767804
      objectReference: {fileID: 0}
    - target: {fileID: 400000, guid: 7bb748d26e62076499846e32a1d95c8f, type: 3}
      propertyPath: m_RootOrder
      value: 14
      objectReference: {fileID: 0}
    - target: {fileID: 400000, guid: 7bb748d26e62076499846e32a1d95c8f, type: 3}
      propertyPath: m_LocalEulerAnglesHint.x
      value: 0
      objectReference: {fileID: 0}
    - target: {fileID: 400000, guid: 7bb748d26e62076499846e32a1d95c8f, type: 3}
      propertyPath: m_LocalEulerAnglesHint.y
      value: -7.8110003
      objectReference: {fileID: 0}
    - target: {fileID: 400000, guid: 7bb748d26e62076499846e32a1d95c8f, type: 3}
      propertyPath: m_LocalEulerAnglesHint.z
      value: 0
      objectReference: {fileID: 0}
    - target: {fileID: 400000, guid: 7bb748d26e62076499846e32a1d95c8f, type: 3}
      propertyPath: m_LocalScale.x
      value: 1.5098001
      objectReference: {fileID: 0}
    - target: {fileID: 400000, guid: 7bb748d26e62076499846e32a1d95c8f, type: 3}
      propertyPath: m_LocalScale.y
      value: 1.5098
      objectReference: {fileID: 0}
    - target: {fileID: 400000, guid: 7bb748d26e62076499846e32a1d95c8f, type: 3}
      propertyPath: m_LocalScale.z
      value: 1.5098001
      objectReference: {fileID: 0}
    - target: {fileID: 100000, guid: 7bb748d26e62076499846e32a1d95c8f, type: 3}
      propertyPath: m_Name
      value: book01 (13)
      objectReference: {fileID: 0}
    m_RemovedComponents: []
  m_SourcePrefab: {fileID: 100100000, guid: 7bb748d26e62076499846e32a1d95c8f, type: 3}
--- !u!4 &4631921692865741990 stripped
Transform:
  m_CorrespondingSourceObject: {fileID: 400000, guid: 7bb748d26e62076499846e32a1d95c8f,
    type: 3}
  m_PrefabInstance: {fileID: 4631921692866141734}
  m_PrefabAsset: {fileID: 0}
--- !u!1001 &5362982895460942301
PrefabInstance:
  m_ObjectHideFlags: 0
  serializedVersion: 2
  m_Modification:
    m_TransformParent: {fileID: 8786534956206344183}
    m_Modifications:
    - target: {fileID: 400000, guid: 1059b784b1bd2814592b212a1b2ed805, type: 3}
      propertyPath: m_LocalPosition.x
      value: 0.262
      objectReference: {fileID: 0}
    - target: {fileID: 400000, guid: 1059b784b1bd2814592b212a1b2ed805, type: 3}
      propertyPath: m_LocalPosition.y
      value: 2.348
      objectReference: {fileID: 0}
    - target: {fileID: 400000, guid: 1059b784b1bd2814592b212a1b2ed805, type: 3}
      propertyPath: m_LocalPosition.z
      value: 0.013
      objectReference: {fileID: 0}
    - target: {fileID: 400000, guid: 1059b784b1bd2814592b212a1b2ed805, type: 3}
      propertyPath: m_LocalRotation.x
      value: -0.10840577
      objectReference: {fileID: 0}
    - target: {fileID: 400000, guid: 1059b784b1bd2814592b212a1b2ed805, type: 3}
      propertyPath: m_LocalRotation.y
      value: -0.054122724
      objectReference: {fileID: 0}
    - target: {fileID: 400000, guid: 1059b784b1bd2814592b212a1b2ed805, type: 3}
      propertyPath: m_LocalRotation.z
      value: 0.2655706
      objectReference: {fileID: 0}
    - target: {fileID: 400000, guid: 1059b784b1bd2814592b212a1b2ed805, type: 3}
      propertyPath: m_LocalRotation.w
      value: -0.9564472
      objectReference: {fileID: 0}
    - target: {fileID: 400000, guid: 1059b784b1bd2814592b212a1b2ed805, type: 3}
      propertyPath: m_RootOrder
      value: 18
      objectReference: {fileID: 0}
    - target: {fileID: 400000, guid: 1059b784b1bd2814592b212a1b2ed805, type: 3}
      propertyPath: m_LocalEulerAnglesHint.x
      value: 13.657001
      objectReference: {fileID: 0}
    - target: {fileID: 400000, guid: 1059b784b1bd2814592b212a1b2ed805, type: 3}
      propertyPath: m_LocalEulerAnglesHint.y
      value: 362.71
      objectReference: {fileID: 0}
    - target: {fileID: 400000, guid: 1059b784b1bd2814592b212a1b2ed805, type: 3}
      propertyPath: m_LocalEulerAnglesHint.z
      value: -30.711002
      objectReference: {fileID: 0}
    - target: {fileID: 100000, guid: 1059b784b1bd2814592b212a1b2ed805, type: 3}
      propertyPath: m_Name
      value: book02 (3)
      objectReference: {fileID: 0}
    m_RemovedComponents: []
  m_SourcePrefab: {fileID: 100100000, guid: 1059b784b1bd2814592b212a1b2ed805, type: 3}
--- !u!4 &5362982895461079901 stripped
Transform:
  m_CorrespondingSourceObject: {fileID: 400000, guid: 1059b784b1bd2814592b212a1b2ed805,
    type: 3}
  m_PrefabInstance: {fileID: 5362982895460942301}
  m_PrefabAsset: {fileID: 0}
--- !u!1001 &5592813020450062774
PrefabInstance:
  m_ObjectHideFlags: 0
  serializedVersion: 2
  m_Modification:
    m_TransformParent: {fileID: 8786534956206344183}
    m_Modifications:
    - target: {fileID: 400000, guid: 1059b784b1bd2814592b212a1b2ed805, type: 3}
      propertyPath: m_LocalPosition.x
      value: -1.6123201
      objectReference: {fileID: 0}
    - target: {fileID: 400000, guid: 1059b784b1bd2814592b212a1b2ed805, type: 3}
      propertyPath: m_LocalPosition.y
      value: 0.055411816
      objectReference: {fileID: 0}
    - target: {fileID: 400000, guid: 1059b784b1bd2814592b212a1b2ed805, type: 3}
      propertyPath: m_LocalPosition.z
      value: 2.5290077
      objectReference: {fileID: 0}
    - target: {fileID: 400000, guid: 1059b784b1bd2814592b212a1b2ed805, type: 3}
      propertyPath: m_LocalRotation.x
      value: -0
      objectReference: {fileID: 0}
    - target: {fileID: 400000, guid: 1059b784b1bd2814592b212a1b2ed805, type: 3}
      propertyPath: m_LocalRotation.y
      value: 0.8450014
      objectReference: {fileID: 0}
    - target: {fileID: 400000, guid: 1059b784b1bd2814592b212a1b2ed805, type: 3}
      propertyPath: m_LocalRotation.z
      value: -0
      objectReference: {fileID: 0}
    - target: {fileID: 400000, guid: 1059b784b1bd2814592b212a1b2ed805, type: 3}
      propertyPath: m_LocalRotation.w
      value: -0.534764
      objectReference: {fileID: 0}
    - target: {fileID: 400000, guid: 1059b784b1bd2814592b212a1b2ed805, type: 3}
      propertyPath: m_RootOrder
      value: 2
      objectReference: {fileID: 0}
    - target: {fileID: 400000, guid: 1059b784b1bd2814592b212a1b2ed805, type: 3}
      propertyPath: m_LocalEulerAnglesHint.x
      value: 0
      objectReference: {fileID: 0}
    - target: {fileID: 400000, guid: 1059b784b1bd2814592b212a1b2ed805, type: 3}
      propertyPath: m_LocalEulerAnglesHint.y
      value: 166.98701
      objectReference: {fileID: 0}
    - target: {fileID: 400000, guid: 1059b784b1bd2814592b212a1b2ed805, type: 3}
      propertyPath: m_LocalEulerAnglesHint.z
      value: 0
      objectReference: {fileID: 0}
    - target: {fileID: 100000, guid: 1059b784b1bd2814592b212a1b2ed805, type: 3}
      propertyPath: m_Name
      value: book02
      objectReference: {fileID: 0}
    m_RemovedComponents: []
  m_SourcePrefab: {fileID: 100100000, guid: 1059b784b1bd2814592b212a1b2ed805, type: 3}
--- !u!4 &5592813020450200374 stripped
Transform:
  m_CorrespondingSourceObject: {fileID: 400000, guid: 1059b784b1bd2814592b212a1b2ed805,
    type: 3}
  m_PrefabInstance: {fileID: 5592813020450062774}
  m_PrefabAsset: {fileID: 0}
--- !u!1001 &5597217676728590427
PrefabInstance:
  m_ObjectHideFlags: 0
  serializedVersion: 2
  m_Modification:
    m_TransformParent: {fileID: 8786534956206344183}
    m_Modifications:
    - target: {fileID: 400000, guid: 7bb748d26e62076499846e32a1d95c8f, type: 3}
      propertyPath: m_LocalPosition.x
      value: -0.02
      objectReference: {fileID: 0}
    - target: {fileID: 400000, guid: 7bb748d26e62076499846e32a1d95c8f, type: 3}
      propertyPath: m_LocalPosition.y
      value: 2.96
      objectReference: {fileID: 0}
    - target: {fileID: 400000, guid: 7bb748d26e62076499846e32a1d95c8f, type: 3}
      propertyPath: m_LocalPosition.z
      value: 0.53
      objectReference: {fileID: 0}
    - target: {fileID: 400000, guid: 7bb748d26e62076499846e32a1d95c8f, type: 3}
      propertyPath: m_LocalRotation.x
      value: -0
      objectReference: {fileID: 0}
    - target: {fileID: 400000, guid: 7bb748d26e62076499846e32a1d95c8f, type: 3}
      propertyPath: m_LocalRotation.y
      value: -0.5948871
      objectReference: {fileID: 0}
    - target: {fileID: 400000, guid: 7bb748d26e62076499846e32a1d95c8f, type: 3}
      propertyPath: m_LocalRotation.z
      value: -0
      objectReference: {fileID: 0}
    - target: {fileID: 400000, guid: 7bb748d26e62076499846e32a1d95c8f, type: 3}
      propertyPath: m_LocalRotation.w
      value: 0.80380934
      objectReference: {fileID: 0}
    - target: {fileID: 400000, guid: 7bb748d26e62076499846e32a1d95c8f, type: 3}
      propertyPath: m_RootOrder
      value: 17
      objectReference: {fileID: 0}
    - target: {fileID: 400000, guid: 7bb748d26e62076499846e32a1d95c8f, type: 3}
      propertyPath: m_LocalEulerAnglesHint.x
      value: 0
      objectReference: {fileID: 0}
    - target: {fileID: 400000, guid: 7bb748d26e62076499846e32a1d95c8f, type: 3}
      propertyPath: m_LocalEulerAnglesHint.y
      value: -73.009
      objectReference: {fileID: 0}
    - target: {fileID: 400000, guid: 7bb748d26e62076499846e32a1d95c8f, type: 3}
      propertyPath: m_LocalEulerAnglesHint.z
      value: 0
      objectReference: {fileID: 0}
    - target: {fileID: 400000, guid: 7bb748d26e62076499846e32a1d95c8f, type: 3}
      propertyPath: m_LocalScale.x
      value: 1.5098004
      objectReference: {fileID: 0}
    - target: {fileID: 400000, guid: 7bb748d26e62076499846e32a1d95c8f, type: 3}
      propertyPath: m_LocalScale.y
      value: 1.5098
      objectReference: {fileID: 0}
    - target: {fileID: 400000, guid: 7bb748d26e62076499846e32a1d95c8f, type: 3}
      propertyPath: m_LocalScale.z
      value: 1.5098004
      objectReference: {fileID: 0}
    - target: {fileID: 100000, guid: 7bb748d26e62076499846e32a1d95c8f, type: 3}
      propertyPath: m_Name
      value: book01 (16)
      objectReference: {fileID: 0}
    m_RemovedComponents: []
  m_SourcePrefab: {fileID: 100100000, guid: 7bb748d26e62076499846e32a1d95c8f, type: 3}
--- !u!4 &5597217676728990427 stripped
Transform:
  m_CorrespondingSourceObject: {fileID: 400000, guid: 7bb748d26e62076499846e32a1d95c8f,
    type: 3}
  m_PrefabInstance: {fileID: 5597217676728590427}
  m_PrefabAsset: {fileID: 0}
--- !u!1001 &7430738515172916016
PrefabInstance:
  m_ObjectHideFlags: 0
  serializedVersion: 2
  m_Modification:
    m_TransformParent: {fileID: 8786534956206344183}
    m_Modifications:
    - target: {fileID: 400000, guid: 1059b784b1bd2814592b212a1b2ed805, type: 3}
      propertyPath: m_LocalPosition.x
      value: -0.339
      objectReference: {fileID: 0}
    - target: {fileID: 400000, guid: 1059b784b1bd2814592b212a1b2ed805, type: 3}
      propertyPath: m_LocalPosition.y
      value: 1.962
      objectReference: {fileID: 0}
    - target: {fileID: 400000, guid: 1059b784b1bd2814592b212a1b2ed805, type: 3}
      propertyPath: m_LocalPosition.z
      value: 0.326
      objectReference: {fileID: 0}
    - target: {fileID: 400000, guid: 1059b784b1bd2814592b212a1b2ed805, type: 3}
      propertyPath: m_LocalRotation.x
      value: -0
      objectReference: {fileID: 0}
    - target: {fileID: 400000, guid: 1059b784b1bd2814592b212a1b2ed805, type: 3}
      propertyPath: m_LocalRotation.y
      value: 0.84500146
      objectReference: {fileID: 0}
    - target: {fileID: 400000, guid: 1059b784b1bd2814592b212a1b2ed805, type: 3}
      propertyPath: m_LocalRotation.z
      value: -0
      objectReference: {fileID: 0}
    - target: {fileID: 400000, guid: 1059b784b1bd2814592b212a1b2ed805, type: 3}
      propertyPath: m_LocalRotation.w
      value: -0.5347641
      objectReference: {fileID: 0}
    - target: {fileID: 400000, guid: 1059b784b1bd2814592b212a1b2ed805, type: 3}
      propertyPath: m_RootOrder
      value: 9
      objectReference: {fileID: 0}
    - target: {fileID: 400000, guid: 1059b784b1bd2814592b212a1b2ed805, type: 3}
      propertyPath: m_LocalEulerAnglesHint.x
      value: 0
      objectReference: {fileID: 0}
    - target: {fileID: 400000, guid: 1059b784b1bd2814592b212a1b2ed805, type: 3}
      propertyPath: m_LocalEulerAnglesHint.y
      value: 166.98701
      objectReference: {fileID: 0}
    - target: {fileID: 400000, guid: 1059b784b1bd2814592b212a1b2ed805, type: 3}
      propertyPath: m_LocalEulerAnglesHint.z
      value: 0
      objectReference: {fileID: 0}
    - target: {fileID: 100000, guid: 1059b784b1bd2814592b212a1b2ed805, type: 3}
      propertyPath: m_Name
      value: book02 (2)
      objectReference: {fileID: 0}
    m_RemovedComponents: []
  m_SourcePrefab: {fileID: 100100000, guid: 1059b784b1bd2814592b212a1b2ed805, type: 3}
--- !u!4 &7430738515173302704 stripped
Transform:
  m_CorrespondingSourceObject: {fileID: 400000, guid: 1059b784b1bd2814592b212a1b2ed805,
    type: 3}
  m_PrefabInstance: {fileID: 7430738515172916016}
  m_PrefabAsset: {fileID: 0}
--- !u!1001 &7854955318507615222
PrefabInstance:
  m_ObjectHideFlags: 0
  serializedVersion: 2
  m_Modification:
    m_TransformParent: {fileID: 8786534956206344183}
    m_Modifications:
    - target: {fileID: 400000, guid: 7bb748d26e62076499846e32a1d95c8f, type: 3}
      propertyPath: m_LocalPosition.x
      value: -0.64169556
      objectReference: {fileID: 0}
    - target: {fileID: 400000, guid: 7bb748d26e62076499846e32a1d95c8f, type: 3}
      propertyPath: m_LocalPosition.y
      value: 1.52
      objectReference: {fileID: 0}
    - target: {fileID: 400000, guid: 7bb748d26e62076499846e32a1d95c8f, type: 3}
      propertyPath: m_LocalPosition.z
      value: 3.337968
      objectReference: {fileID: 0}
    - target: {fileID: 400000, guid: 7bb748d26e62076499846e32a1d95c8f, type: 3}
      propertyPath: m_LocalRotation.x
      value: -0
      objectReference: {fileID: 0}
    - target: {fileID: 400000, guid: 7bb748d26e62076499846e32a1d95c8f, type: 3}
      propertyPath: m_LocalRotation.y
      value: 0.54831517
      objectReference: {fileID: 0}
    - target: {fileID: 400000, guid: 7bb748d26e62076499846e32a1d95c8f, type: 3}
      propertyPath: m_LocalRotation.z
      value: -0
      objectReference: {fileID: 0}
    - target: {fileID: 400000, guid: 7bb748d26e62076499846e32a1d95c8f, type: 3}
      propertyPath: m_LocalRotation.w
      value: 0.8362718
      objectReference: {fileID: 0}
    - target: {fileID: 400000, guid: 7bb748d26e62076499846e32a1d95c8f, type: 3}
      propertyPath: m_RootOrder
      value: 8
      objectReference: {fileID: 0}
    - target: {fileID: 400000, guid: 7bb748d26e62076499846e32a1d95c8f, type: 3}
      propertyPath: m_LocalEulerAnglesHint.x
      value: 0
      objectReference: {fileID: 0}
    - target: {fileID: 400000, guid: 7bb748d26e62076499846e32a1d95c8f, type: 3}
      propertyPath: m_LocalEulerAnglesHint.y
      value: -11.165001
      objectReference: {fileID: 0}
    - target: {fileID: 400000, guid: 7bb748d26e62076499846e32a1d95c8f, type: 3}
      propertyPath: m_LocalEulerAnglesHint.z
      value: 0
      objectReference: {fileID: 0}
    - target: {fileID: 400000, guid: 7bb748d26e62076499846e32a1d95c8f, type: 3}
      propertyPath: m_LocalScale.x
      value: 1.5098001
      objectReference: {fileID: 0}
    - target: {fileID: 400000, guid: 7bb748d26e62076499846e32a1d95c8f, type: 3}
      propertyPath: m_LocalScale.y
      value: 1.5098
      objectReference: {fileID: 0}
    - target: {fileID: 400000, guid: 7bb748d26e62076499846e32a1d95c8f, type: 3}
      propertyPath: m_LocalScale.z
      value: 1.5098001
      objectReference: {fileID: 0}
    - target: {fileID: 100000, guid: 7bb748d26e62076499846e32a1d95c8f, type: 3}
      propertyPath: m_Name
      value: book01 (10)
      objectReference: {fileID: 0}
    m_RemovedComponents: []
  m_SourcePrefab: {fileID: 100100000, guid: 7bb748d26e62076499846e32a1d95c8f, type: 3}
--- !u!4 &7854955318507219318 stripped
Transform:
  m_CorrespondingSourceObject: {fileID: 400000, guid: 7bb748d26e62076499846e32a1d95c8f,
    type: 3}
  m_PrefabInstance: {fileID: 7854955318507615222}
  m_PrefabAsset: {fileID: 0}
--- !u!1001 &9067561171218959204
PrefabInstance:
  m_ObjectHideFlags: 0
  serializedVersion: 2
  m_Modification:
    m_TransformParent: {fileID: 8786534956206344183}
    m_Modifications:
    - target: {fileID: 100000, guid: 3ada612e959f2a7439157dbcea5f8795, type: 3}
      propertyPath: m_Name
      value: book03 (4)
      objectReference: {fileID: 0}
    - target: {fileID: 400000, guid: 3ada612e959f2a7439157dbcea5f8795, type: 3}
      propertyPath: m_LocalPosition.x
      value: -0.6
      objectReference: {fileID: 0}
    - target: {fileID: 400000, guid: 3ada612e959f2a7439157dbcea5f8795, type: 3}
      propertyPath: m_LocalPosition.y
      value: 1.028
      objectReference: {fileID: 0}
    - target: {fileID: 400000, guid: 3ada612e959f2a7439157dbcea5f8795, type: 3}
      propertyPath: m_LocalPosition.z
      value: 1.88
      objectReference: {fileID: 0}
    - target: {fileID: 400000, guid: 3ada612e959f2a7439157dbcea5f8795, type: 3}
      propertyPath: m_LocalRotation.x
      value: -0
      objectReference: {fileID: 0}
    - target: {fileID: 400000, guid: 3ada612e959f2a7439157dbcea5f8795, type: 3}
      propertyPath: m_LocalRotation.y
      value: 0.44569588
      objectReference: {fileID: 0}
    - target: {fileID: 400000, guid: 3ada612e959f2a7439157dbcea5f8795, type: 3}
      propertyPath: m_LocalRotation.z
      value: -0
      objectReference: {fileID: 0}
    - target: {fileID: 400000, guid: 3ada612e959f2a7439157dbcea5f8795, type: 3}
      propertyPath: m_LocalRotation.w
      value: -0.8951845
      objectReference: {fileID: 0}
    - target: {fileID: 400000, guid: 3ada612e959f2a7439157dbcea5f8795, type: 3}
      propertyPath: m_RootOrder
      value: 13
      objectReference: {fileID: 0}
    - target: {fileID: 400000, guid: 3ada612e959f2a7439157dbcea5f8795, type: 3}
      propertyPath: m_LocalEulerAnglesHint.x
      value: 0
      objectReference: {fileID: 0}
    - target: {fileID: 400000, guid: 3ada612e959f2a7439157dbcea5f8795, type: 3}
      propertyPath: m_LocalEulerAnglesHint.y
      value: 229.396
      objectReference: {fileID: 0}
    - target: {fileID: 400000, guid: 3ada612e959f2a7439157dbcea5f8795, type: 3}
      propertyPath: m_LocalEulerAnglesHint.z
      value: 0
      objectReference: {fileID: 0}
    m_RemovedComponents: []
  m_SourcePrefab: {fileID: 100100000, guid: 3ada612e959f2a7439157dbcea5f8795, type: 3}
--- !u!4 &9067561171219354084 stripped
Transform:
  m_CorrespondingSourceObject: {fileID: 400000, guid: 3ada612e959f2a7439157dbcea5f8795,
    type: 3}
  m_PrefabInstance: {fileID: 9067561171218959204}
  m_PrefabAsset: {fileID: 0}
